@Book{krane,
  author = 	 {Krane, Kenneth S.},
  title = 	 {Introductory Nuclear Physics},
  publisher = 	 {John Wiley \& Sons, Inc.},
  year = 	 {1988},
  OPTkey = 	 {},
  OPTvolume = 	 {},
  OPTnumber = 	 {},
  OPTseries = 	 {},
  OPTaddress = 	 {},
  edition = 	 {3rd},
  OPTmonth = 	 {},
  OPTnote = 	 {},
  OPTannote = 	 {}
}

@Unpublished{lecture,
  author = 	 {Jasmine Vujic},
  title = 	 {Nuclear Engineering Class Lectures},
  note = 	 {},
  OPTkey = 	 {},
  month = 	 {Spring},
  year = 	 {2015},
  OPTannote = 	 {}
}

